@ARTICLE{clar:eke2,
 author  = {{Clarke}, F. and {Ekeland}, I.},
 title   = "{Nonlinear oscillations and boundary-value problems for Hamiltonian systems.}",
 journal = {Arch. Rat. Mech. Anal.},
 year    = 1982,
 volume  = 78,
 pages   = {315-333},
 tjaanote= {Prepared for TJAA example. Note: Even though each keyword=value ends with comma in previous lines, this line doesnt.}
}
